<collection xmlns="http://www.loc.gov/MARC21/slim">
<record>
  <leader>01058nam0a2200253 i 450 </leader>
  <controlfield tag="001">IT\ICCU\CNCE\012046</controlfield>
  <controlfield tag="005">20150528000000.0</controlfield>
  <datafield tag="012" ind1=" " ind2=" ">
    <subfield code="a">      </subfield>
    <subfield code="2">fei</subfield>
    <subfield code="9">INR</subfield>
  </datafield>
  <datafield tag="100" ind1=" " ind2=" ">
    <subfield code="a">19970101f1578        0itac0103    ba</subfield>
  </datafield>
  <datafield tag="101" ind1=" " ind2=" ">
    <subfield code="a">GRE</subfield>
  </datafield>
  <datafield tag="102" ind1=" " ind2=" ">
    <subfield code="a">IT</subfield>
  </datafield>
  <datafield tag="200" ind1="1" ind2=" ">
    <subfield code="a">To paron Psalterion</subfield>
  </datafield>
  <datafield tag="210" ind1=" " ind2=" ">
    <subfield code="a">Enetiesin</subfield>
    <subfield code="c">en tei oikia tou Berge</subfield>
    <subfield code="d">epimeleia de kai epidiorthosei Theophanou Logarai</subfield>
    <subfield code="d">1576 \i.e. 1578!</subfield>
  </datafield>
  <datafield tag="215" ind1=" " ind2=" ">
    <subfield code="a">\164! c.</subfield>
    <subfield code="d">8ʻ</subfield>
  </datafield>
  <datafield tag="300" ind1=" " ind2=" ">
    <subfield code="a">La data reale si ricava da: E. Layton, The sixteenth century Greek book in Italy. Printers and publishers for the Greek world, p. 505</subfield>
  </datafield>
  <datafield tag="500" ind1="1" ind2="0">
    <subfield code="3">IT\ICCU\CNCE\037241</subfield>
    <subfield code="a">Psalterium &lt;Rito greco&gt;</subfield>
  </datafield>
  <datafield tag="620" ind1=" " ind2=" ">
    <subfield code="a">IT</subfield>
    <subfield code="d">Venezia</subfield>
  </datafield>
  <datafield tag="710" ind1="0" ind2="2">
    <subfield code="a">Chiesa cattolica</subfield>
    <subfield code="3">6731</subfield>
  </datafield>
  <datafield tag="712" ind1="0" ind2="0">
    <subfield code="a">Berges, Antonius</subfield>
    <subfield code="3">IT\ICCU\CNCT\001477</subfield>
    <subfield code="4">650</subfield>
  </datafield>
  <datafield tag="712" ind1="0" ind2="0">
    <subfield code="a">Logaras, Theophanes</subfield>
    <subfield code="3">IT\ICCU\CNCT\003031</subfield>
    <subfield code="4">650</subfield>
  </datafield>
  <datafield tag="791" ind1="0" ind2="0">
    <subfield code="a">Verghis, Antonios</subfield>
    <subfield code="3">IT\ICCU\CNCT\003032</subfield>
    <subfield code="z">Berges, Antonius</subfield>
  </datafield>
  <datafield tag="791" ind1="0" ind2="0">
    <subfield code="a">Bergos, Antonios</subfield>
    <subfield code="3">IT\ICCU\CNCT\004343</subfield>
    <subfield code="z">Berges, Antonius</subfield>
  </datafield>
  <datafield tag="801" ind1=" " ind2="3">
    <subfield code="a">IT</subfield>
    <subfield code="b">ICCU</subfield>
    <subfield code="c">20201113</subfield>
  </datafield>
  <datafield tag="899" ind1=" " ind2=" ">
    <subfield code="a">Biblioteca Apostolica Vaticana. Citt ̉del Vaticano</subfield>
    <subfield code="1">EX0001</subfield>
    <subfield code="2">ZCV 01</subfield>
  </datafield>
</record>
</collection>
